<?xml version="1.0" encoding="UTF-8"?>
<OAI-PMH xmlns="http://www.openarchives.org/OAI/2.0/" xmlns:xsi="http://www.w3.org/2001/XMLSchema-instance" xsi:schemaLocation="http://www.openarchives.org/OAI/2.0/ http://www.openarchives.org/OAI/2.0/OAI-PMH.xsd"><GetRecord><record><header><identifier>oai:evergreen.iisg.nl:1463482</identifier><datestamp>2014-05-12T17:53:17Z</datestamp></header><metadata><marc:record xmlns:marc="http://www.loc.gov/MARC21/slim" xmlns:xsi="http://www.w3.org/2001/XMLSchema-instance" xsi:schemaLocation="http://www.loc.gov/MARC21/slim http://www.loc.gov/standards/marcxml/schema/MARC21slim.xsd">
<marc:leader>00620nkm a22     7a 4500</marc:leader>
<marc:controlfield tag="001">1463482</marc:controlfield>
<marc:controlfield tag="003">NL-AMISG</marc:controlfield>
<marc:controlfield tag="005">20121120114834.0</marc:controlfield>
<marc:controlfield tag="008">121120s1984    it                  ita d</marc:controlfield>
<marc:datafield ind1=" " ind2=" " tag="040">
	<marc:subfield code="a">NL-AMISG</marc:subfield>
</marc:datafield>
<marc:datafield ind1=" " ind2=" " tag="041">
	<marc:subfield code="a">ita</marc:subfield>
</marc:datafield>
<marc:datafield ind1=" " ind2=" " tag="044">
	<marc:subfield code="a">it</marc:subfield>
</marc:datafield>
<marc:datafield ind1="1" ind2=" " tag="100">
	<marc:subfield code="0">(NL-AMISG)2005968</marc:subfield>
	<marc:subfield code="a">Bernardi, Lucio,</marc:subfield>
	<marc:subfield code="b">c</marc:subfield>
	<marc:subfield code="d">e</marc:subfield>
	<marc:subfield code="designer.">f</marc:subfield>
	<marc:subfield code="k">l</marc:subfield>
	<marc:subfield code="m">n</marc:subfield>
	<marc:subfield code="o">p</marc:subfield>
	<marc:subfield code="q">r</marc:subfield>
	<marc:subfield code="s">t</marc:subfield>
	<marc:subfield code="v">x</marc:subfield>
	<marc:subfield code="y">z</marc:subfield>
</marc:datafield>
<marc:datafield ind1="1" ind2="0" tag="245">
	<marc:subfield code="a">Giovani in emigrazione :</marc:subfield>
	<marc:subfield code="b">...timori o speranze.</marc:subfield>
	<marc:subfield code="k">Visual document.</marc:subfield>
</marc:datafield>
<marc:datafield ind1=" " ind2=" " tag="260">
	<marc:subfield code="c">1984</marc:subfield>
	<marc:subfield code="e">(Cesena :</marc:subfield>
	<marc:subfield code="f">SILA,</marc:subfield>
	<marc:subfield code="g">1984)</marc:subfield>
</marc:datafield>
<marc:datafield ind1=" " ind2=" " tag="300">
	<marc:subfield code="a">70x50 cm.</marc:subfield>
</marc:datafield>
<marc:datafield ind1=" " ind2=" " tag="540">
	<marc:subfield code="a">Copyright unknown.</marc:subfield>
</marc:datafield>
<marc:datafield ind1=" " ind2=" " tag="542">
	<marc:subfield code="m">closed</marc:subfield>
</marc:datafield>
<marc:datafield ind1="2" ind2="4" tag="611">
	<marc:subfield code="a">Giornata nazionale delle migrazioni.</marc:subfield>
</marc:datafield>
<marc:datafield ind1=" " ind2="4" tag="648">
	<marc:subfield code="a">1984-1984.</marc:subfield>
	<marc:subfield code="0">(NL-AMISG)369875</marc:subfield>
</marc:datafield>
<marc:datafield ind1=" " ind2="4" tag="650">
	<marc:subfield code="a">Emigration.</marc:subfield>
	<marc:subfield code="0">(NL-AMISG)84604</marc:subfield>
</marc:datafield>
<marc:datafield ind1=" " ind2="4" tag="651">
	<marc:subfield code="a">Italy.</marc:subfield>
	<marc:subfield code="0">(NL-AMISG)155204</marc:subfield>
</marc:datafield>
<marc:datafield ind1=" " ind2="4" tag="655">
	<marc:subfield code="a">Poster.</marc:subfield>
	<marc:subfield code="0">(NL-AMISG)3248</marc:subfield>
</marc:datafield>
<marc:datafield ind1="1" ind2=" " tag="700">
	<marc:subfield code="a">Beyer, Gnther</marc:subfield>
	<marc:subfield code="e">collector.</marc:subfield>
</marc:datafield>
<marc:datafield ind1="4" ind2=" " tag="852">
	<marc:subfield code="a">IISG</marc:subfield>
	<marc:subfield code="b">IISG</marc:subfield>
	<marc:subfield code="c">IISG</marc:subfield>
	<marc:subfield code="j">BG E35/780</marc:subfield>
	<marc:subfield code="n">Available</marc:subfield>
	<marc:subfield code="p">30051003050967</marc:subfield>
</marc:datafield>
<marc:datafield ind1=" " ind2=" " tag="901">
	<marc:subfield code="a">1463482</marc:subfield>
	<marc:subfield code="b"/>
	<marc:subfield code="c">1463482</marc:subfield>
	<marc:subfield code="t">biblio</marc:subfield>
</marc:datafield>
<marc:datafield ind1=" " ind2=" " tag="902">
	<marc:subfield code="a">10622/47C1720C-479B-4F4F-82D1-65D3C3DE6544</marc:subfield>
</marc:datafield>
</marc:record></metadata></record></GetRecord></OAI-PMH>
